% Main Sources --------------------------------------------------
@thesis{side_scan_sonar_master_thesis,
  author      = {Vegard, Haralstad},
  title       = {A side-scan sonar based simultaneous localization and mapping pipeline for underwater vehicles},
  type        = {Master's thesis},
  institution = {Norwegian University of Science and Technology (NTNU)},
  date        = {2023},
  url         = {https://ntnuopen.ntnu.no/ntnu-xmlui/handle/11250/3086270},
  urldate     = {2025-09-13},
}

@thesis{side_scan_sonar_master_thesis_old,
  author       = {Hogstad, Bjørnar Reitan},
  title        = {Side-Scan Sonar Imaging and Error-State Kalman Filter Aiding Unmanned Underwater Vehicle (UUV) to Autonomy},
  type        = {Master's thesis},
  institution = {Norwegian University of Science and Technology (NTNU)},
  date         = {2022-02},
  url          = {https://ntnuopen.ntnu.no/ntnu-xmlui/handle/11250/3032962},
  urldate      = {2025-10-11},
}

@article{side_scan_sonar_paper,
  author       = {Simon, Hoff 
                  and Hagen, Andreas
                  and Vegard, Haraldstad
                  and Bjoornar,  Reitan Hogstad
                  and Damiano, Varagnolo},
  title        = {Side-scan sonar based landmark detection for underwater vehicles},
  date         = {2024-10},
  url          = {https://ntnuopen.ntnu.no/ntnu-xmlui/handle/11250/3172808},
  urldate      = {2025-09-13},
}

@book{sensor_fusion_book,
  author = {Edmund, Brekke},
  year = {2020},
  title = {Fundamentals of Sensor Fusion: Target Tracking, Navigation and SLAM},
  publisher = {NTNU}
}



% Hardware Sources --------------------------------------------------
@article{microAmpere_hardware_master_thesis1,
  author       = {Luan, Cao Vo Tran},
  title        = {Design and Implementation of microAmpere: An Advanced USV for Autonomous Docking Research},
  date         = {2025-01},
}

@article{microAmpere_hardware_master_thesis2,
  author       = {Henrik, Reimers},
  title        = {NMPC and blueboat hardware},
  date         = {2025-01},
}

@article{imu_data_sheet,
  author       = {Safran Navigation \& Timing},
  title        = {STIM300 Datasheets},
  date         = {2025-05},
  url          = {https://safran-navigation-timing.com/document/stim300-datasheets/},
  urldate      = {2025-10-11},
}

@article{gnss_data_sheet,
  author       = {u-blox},
  title        = {ZED-F9P Module},
  date         = {2025-05-09},
  url          = {https://www.u-blox.com/en/product/zed-f9p-module},
  urldate      = {2025-10-11},
}

@article{ros2_layers,
  author       = {Jan, Rosell
                  and Leopold, Palomo
                  and Avellaneda},
  title        = {Appendix: ROS 2 - Introduction to ROS},
  date         = {2023},
  url          = {https://sir.upc.edu/projects/rostutorials/appendixRos2/index.html},
  urldate      = {2025-10-15},
}



% System Modeling Sources --------------------------------------------------
@article{fossen_marine_craft_model,
  author       = {Thor Inge Fossen},
  title        = {Fossen's Marine Craft Model},
  url          = {https://fossen.biz/html/marineCraftModel.html},
  urldate      = {2025-10-12},
}

@article{gimbal_lock,
  author       = {Julian, Zeitlhöfler},
  title        = {Nominal and observation-based attitude realization for precise orbit determination of the Jason satellites},
  date         = {2019-06},
  url          = {https://www.researchgate.net/figure/llustrates-the-principle-of-gimbal-lock-The-outer-blue-frame-represents-the-x-axis-the_fig4_338835648},
  urldate      = {2025-10-12},
}

@article{quaternions_explained,
  author       = {David},
  title        = {How Quaternions Produce 3D Rotation},
  date         = {2019-06},
  url          = {https://penguinmaths.blogspot.com/2019/06/how-quaternions-produce-3d-rotation.html},
  urldate      = {2025-10-12},
}

@article{quaternions_SLERP,
  author       = {MATLAB},
  title        = {SLERP - Spherical Linear Interpolation},
  url          = {https://se.mathworks.com/help/nav/ref/quaternion.slerp.html},
  urldate      = {2025-10-12},
}

@article{lie_groups_presentation,
  author       = {Nikolay, Atanasov},
  title        = {ECE276A: Sensing \& Estimation in Robotics: Lecture 12: SO(3) and SE(3) Geometry and Kinematics},
  url          = {https://natanaso.github.io/ece276a2020/ref/ECE276A_12_SO3_SE3.pdf},
  urldate      = {2025-10-12},
}

@article{WGS84,
  author       = {Tobias, Wagner},
  title        = {Position information and their coordinate systems WGS84 and ETRS},
  date         = {2024-03-25},
  url          = {https://genesys-offenburg.de/support/application-aids/gnss-basics/position-information/},
  urldate      = {2025-10-12},
}

@article{ECEF,
  author       = {SBG Systems},
  title        = {NED (North-East-Down) Frame},
  url          = {https://www.sbg-systems.com/glossary/ned-north-east-down/},
  urldate      = {2025-10-12},
}

@article{NED,
  author       = {Hu, Xin},
  title        = {Robust nonlinear control design for dynamic positioning of marine vessels with thruster system dynamics},
  date         = {2018-10},
  url          = {https://www.researchgate.net/figure/North-east-down-frame-and-vessel-fixed-frame-26_fig1_325388618},
  urldate      = {2025-10-12},
}

@article{stability_region_explicit_solvers,
  author       = {Alex, Kanevsky
                  and Mark, Huitt Carpenter
                  and David, Gottlieb
                  and Jan S. Hesthaven},
  title        = {Robust nonlinear control design for dynamic positioning of marine vessels with thruster system dynamics},
  date         = {2007-08},
  url          = {https://www.researchgate.net/publication/222525996_Application_of_implicit-explicit_high_order_Runge-Kutta_methods_to_discontinuous-Galerkin_schemes},
  urldate      = {2025-10-16},
}

@article{factor_graphs,
  author       = {Michael, Kaess
                  and Frank, Dellaert},
  title        = {Factor Graphs for Robot Perception},
  date         = {2017},
  url          = {https://www.cs.cmu.edu/~kaess/pub/Dellaert17fnt.pdf},
  urldate      = {2025-10-29},
}



% State Estimation Sources --------------------------------------------------
@article{ukf,
  author       = {Eric, Wan
                  and R, Van Der Merwe},
  title        = {The Unscented Kalman Filter for Nonlinear Estimation},
  date         = {2000-10},
  url          = {https://ieeexplore.ieee.org/document/882463/authors#authors},
  urldate      = {2025-10-17},
}

@article{ukf_manifold,
  author       = {Christoph, Hertzberg
                  and René, Wagner
                  and Udo, Frese
                  and Lutz Schröder},
  title        = {Integrating Generic Sensor Fusion Algorithms with Sound State Representations through Encapsulation of Manifolds},
  date         = {2011-07-06},
  url          = {https://arxiv.org/abs/1107.1119},
  urldate      = {2025-10-17},
}

@article{bayes_filter,
  author       = {Lei Mao},
  title        = {Introduction to Bayesian Filter},
  date         = {2019-05-21},
  url          = {https://leimao.github.io/article/Introduction-to-Bayesian-Filter/},
  urldate      = {2025-10-17},
}

@article{kalman_filter,
  author       = {MATLAB},
  title        = {An Optimal State Estimator | Understanding Kalman Filters, Part 3},
  date         = {2017-03-27},
  url          = {https://se.mathworks.com/videos/understanding-kalman-filters-part-3-optimal-state-estimator--1490710645421.html},
  urldate      = {2025-10-17},
}

@article{extended_kalman_filter,
  author       = {Alex Becker},
  title        = {Kalman Filter: from the Ground Up},
  date         = {2023},
  url          = {https://kalmanfilter.net/ekf.html},
  urldate      = {2025-10-17},
}

@article{error_state_kalman_filter,
  author       = {Wei, Liu
                  and Dan, Song
                  and Zhipeng, Wang
                  and Kun, Fang},
  title        = {Comparative Analysis between Error-State and Full-State Error Estimation for KF-Based IMU/GNSS Integration against IMU Faults},
  date         = {2019-11-11},
  url          = {https://www.mdpi.com/1424-8220/19/22/4912},
  urldate      = {2025-10-17},
}



% Preintegration Sources --------------------------------------------------
@article{preintegration_camera_paper,
  author       = {Christian, Forster
                  and Luca, Carlone
                  and Frank, Dellaert
                  and Davide, Scaramuzza},
  title        = {On-Manifold Preintegration for Real-Time Visual-Inertial Odometry},
  date         = {2016-10-30},
  url          = {https://arxiv.org/abs/1512.02363},
  urldate      = {2025-10-30},
}

@article{preintegration_radar_paper,
  author       = {Johan, Hatleskog
                  and Morten, Nissov 
                  and Kostas, Alexis},
  title        = {IMU-Preintegrated Radar Factors for Asynchronous Radar-LiDAR-Inertial SLAM},
  date         = {2025-09-26},
  url          = {https://arxiv.org/abs/2509.22288},
  urldate      = {2025-10-30},
}

@article{preintegration_camera_imu_picture,
  author       = {Seyed, J.H
                  and Castelan, E.B},
  title        = {Evaluation of Monocular Visual-Inertial SLAM: Benchmark and Experiment},
  date         = {2019-11},
  url          = {https://www.researchgate.net/publication/340811939_Evaluation_of_Monocular_Visual-Inertial_SLAM_Benchmark_and_Experiment},
  urldate      = {2025-10-30},
}



% SLAM Sources --------------------------------------------------
@article{SLAM_tutorial_part_1,
  author       = {Hugh, Durrant-Whyte
                  and Tim, Bailey},
  title        = {Simultaneous localization and mapping: part I},
  publisher    = {IEEE},
  date         = {2006-06-30},
  url          = {https://ieeexplore.ieee.org/document/1638022},
  urldate      = {2025-09-14},
}

@article{SLAM_tutorial_part_2,
  author       = {Hugh, Durrant-Whyte
                  and Tim, Bailey},
  title        = {Simultaneous localization and mapping: part II},
  publisher    = {IEEE},
  date         = {2006-09-30},
  url          = {https://ieeexplore.ieee.org/document/1678144},
  urldate      = {2025-09-14},
}

@article{SLAM_part_present_future,
  author       = {Cesar, Cadena
                  and Luca, Carlone
                  and Henry, Carrillo
                  and Yasir, Latif
                  and Davide, Scaramuzza
                  and José, Neira},
  title        = {Past, Present, and Future of Simultaneous Localization and Mapping: Toward the Robust-Perception Age},
  publisher    = {IEEE},
  date         = {2016-12-31},
  url          = {https://ieeexplore.ieee.org/document/7747236},
  urldate      = {2025-09-14},
}



% Optimizers Sources --------------------------------------------------
@article{iSAM_paper,
  author       = {Michael, Kaess
                  and Ananth, Ranganathan
                  and Frank, Dellaert},
  title        = {iSAM: Incremental Smoothing and Mapping},
  publisher    = {IEEE},
  date         = {2008-12-31},
  url          = {https://ieeexplore.ieee.org/document/4682731},
  urldate      = {2025-09-14},
}

@article{mahalanobis_distance_explained,
  author       = {Sergen, Cansiz},
  title        = {Multivariate Outlier Detection in Python: Multivariate Outliers and Mahalanobis Distance in Python},
  publisher    = {Medium},
  date         = {2021-03-20},
  url          = {https://medium.com/data-science/multivariate-outlier-detection-in-python-e946cfc843b3},
  urldate      = {2025-09-15},
}

@article{iSAM2_paper,
  author       = {Michael, Kaess
                  and Hordur, Johannsson
                  and Richard, Roberts
                  and Viorela, Ila
                  and John, Leonard
                  and Frank, Dellaert},
  title        = {iSAM2: Incremental smoothing and mapping with fluid relinearization and incremental variable reordering},
  publisher    = {IEEE},
  date         = {2011-08-18},
  url          = {https://ieeexplore.ieee.org/document/5979641},
  urldate      = {2025-09-14},
}

@article{Bayes_tree_for_SLAM_paper,
  author       = {Michael, Kaess
                  and Viorela, Ila
                  and Richard, Roberts 
                  and Frank, Dellaert},
  title        = {The Bayes Tree: An Algorithmic Foundation for
Probabilistic Robot Mapping},
  publisher    = {Carnegie Mellon University},
  date         = {2010-01},
  url          = {https://www.cs.cmu.edu/~kaess/pub/Kaess10wafr.pdf},
  urldate      = {2025-09-14},
}

@article{QR_factorization,
  author       = {Pinar, Heggernes
                  and Pontus, Matstoms},
  title        = {Finding Good Column Orderings for Sparse QR Factorization},
  publisher    = {Research Gate},
  date         = {2000-09},
  url          = {https://www.researchgate.net/publication/2498292_Finding_Good_Column_Orderings_for_Sparse_QR_Factorization},
  urldate      = {2025-09-25},
}

@article{chordal_graph_to_junction_tree_paper,
  author       = {Robert, Castelo},
  title        = {The Discrete Acyclic Digraph Markov Model in Data Mining},
  publisher    = {Research Gate},
  date         = {2002-01},
  url          = {https://www.researchgate.net/publication/46624302_The_Discrete_Acyclic_Digraph_Markov_Model_in_Data_Mining},
  urldate      = {2025-09-25},
}

\begin{verbatim}
@article{GTSAM_handbook,
  author       = {Frank, Dellaert},
  title        = {Factor Graphs and GTSAM: A Hands-on Introduction},
  publisher    = {Georgia Institute of Technology},
  date         = {2012-09},
  url          = {https://repository.gatech.edu/server/api/core/bitstreams/b3606eb4-ce55-4c16-8495-767bd46f0351/content},
  urldate      = {2025-09-25},
}